%% Obtained via the getNewBibTeX script and the SPIRES biblio service

@Article{Phys.Rev.Lett.19.1264,
     author    = "Weinberg, Steven",
     title     = "A MODEL OF LEPTONS",
     journal   = "Phys. Rev. Lett.",
     volume    = "19",
     year      = "1967",
     pages     = "1264-1266",
     SLACcitation  = "%%CITATION = PRLTA,19,1264;%%"
}

@Article{Phys.Rev.D2.1285,
     author    = "Glashow, S. L. and Iliopoulos, J. and Maiani, L.",
     title     = "WEAK INTERACTIONS WITH LEPTON - HADRON SYMMETRY",
     journal   = "Phys. Rev.",
     volume    = "D2",
     year      = "1970",
     pages     = "1285-1292",
     SLACcitation  = "%%CITATION = PHRVA,D2,1285;%%"
}

@Article{hep-ph/0410370,
     author    = "Willenbrock, Scott",
     title     = "Symmetries of the standard model",
     year      = "2004",
     eprint    = "hep-ph/0410370",
     SLACcitation  = "%%CITATION = HEP-PH 0410370;%%"
}

@Article{Brianti:2004qq,
     author    = "Brianti, G.",
     title     = "The Large Hadron Collider project: Historical account",
     journal   = "Phys. Rept.",
     volume    = "403-404",
     year      = "2004",
     pages     = "349-364",
     SLACcitation  = "%%CITATION = PRPLC,403-404,349;%%"
}

@Article{Amato:1998xt,
     author    = "Amato, S. and others",
 collaboration = "LHCb",
     title     = "LHCb technical proposal",
     note     = "CERN-LHCC-98-4"
}

@Misc{hepthesis,
     author = "Buckley, Andy",
     title  = "The hepthesis {\LaTeX} class"
}

@article{Hough:1959qva,
     author         = "Hough, P.V.C. and",
     title          = "{Machine Analysis Of Bubble Chamber Pictures}",
     journal        = "Conf.Proc.",
     volume         = "C590914",
     pages          = "554-558",
     year           = "1959",
     SLACcitation   = "%%CITATION = INSPIRE-919922;%%",
}

@article{Duda:1972:UHT:361237.361242,
     author = {Duda, Richard O. and Hart, Peter E.},
     title = {Use of the Hough Transformation to Detect Lines and Curves in Pictures},
     journal = {Commun. ACM},
     issue_date = {Jan. 1972},
     volume = {15},
     number = {1},
     month = jan,
     year = {1972},
     issn = {0001-0782},
     pages = {11--15},
     numpages = {5},
     url = {http://doi.acm.org/10.1145/361237.361242},
     doi = {10.1145/361237.361242},
     acmid = {361242},
     publisher = {ACM},
     address = {New York, NY, USA},
     keywords = {Hough transformation, colinear points, curve detection, line detection, pattern recognition, picture processing, point-line transformation},
} 

@INPROCEEDINGS{331821,
  author={Vuillemin, J.E.},
  booktitle={Application Specific Array Processors, 1994. Proceedings. International Conference on},
  title={Fast linear Hough transform},
  year={1994},
  month={Aug},
  pages={1-9},
  keywords={Hough transforms;computer vision;physics;physics computing;atomic operations;binary image;bit-serial circuit;classical fast Fourier transform FFT algorithm;complex interconnect;computer vision;digital images;divide and conquer recursive structure;fast Hough transform FHT;fast linear Hough transform;high energy physics;raster-scan line drawing;recursive algorithm;straight lines;Discrete transforms;Equations;Pixel;Wires},
  doi={10.1109/ASAP.1994.331821},
  ISSN={1063-6862},
}
